@article{zhang2021,
  author    = {Caiming Zhang and Yang Lu},
  title     = {Study on Artificial Intelligence: The State of the Art and Future Prospects},
  journal   = {Journal of Industrial Integration and Management},
  volume    = {2021},
  pages     = {100224},
  doi       = {10.1016/j.jii.2021.100224},
  year      = {2021}
}

@article{collins2019,
  author    = {G.S. Collins et al.},
  title     = {Reporting of artificial intelligence prediction models},
  journal   = {Lancet North Am. Ed.},
  year      = {2019}
}

@article{ding2020,
  author    = {R. Ding et al.},
  title     = {Large-Scale decision-making: characterization, taxonomy, challenges and future directions from an Artificial Intelligence and applications perspective},
  journal   = {Inf. Fusion},
  year      = {2020}
}

@article{duan2019,
  author    = {N. Duan et al.},
  title     = {Classification of multichannel surface-electromyography signals based on convolutional neural networks},
  journal   = {J. Industr. Integr. Manag.},
  year      = {2019}
}

@article{duan2019b,
  author    = {Y. Duan et al.},
  title     = {Artificial intelligence for decision making in the era of Big Data–evolution, challenges and research agenda},
  journal   = {Int. J. Inf. Manage.},
  year      = {2019}
}

@article{feng2001,
  author    = {S. Feng et al.},
  title     = {An object-oriented intelligent design tool to aid the design of manufacturing systems},
  journal   = {Knowl Based Syst},
  year      = {2001}
}

@article{finogeev2019,
  author    = {A. Finogeev et al.},
  title     = {Intelligent monitoring system for smart road environment},
  journal   = {J. Industr. Integr. Manag.},
  year      = {2019}
}

@article{hamet2017,
  author    = {P. Hamet et al.},
  title     = {Artificial intelligence in medicine},
  journal   = {Metabolism},
  year      = {2017}
}

@article{huang2019,
  author    = {C. Huang et al.},
  title     = {Data-driven ontology generation and evolution towards intelligent service in manufacturing systems},
  journal   = {Future Gener. Comput. Syst.},
  year      = {2019}
}

@article{li2003,
  author    = {H.X. Li et al.},
  title     = {Interpolation representation of feedforward neural networks},
  journal   = {Math. Comput. Model.},
  year      = {2003}
}

@article{li2001,
  author    = {H.X. Li et al.},
  title     = {Feature space theory—A mathematical foundation for data mining},
  journal   = {Knowl. Based Syst.},
  year      = {2001}
}
